@book{novaes2020dialogical,
  title={The dialogical roots of deduction: Historical, cognitive, and philosophical perspectives on reasoning},
  author={Novaes, Catarina Dutilh},
  year={2020},
  publisher={Cambridge University Press},
  note={Chapter 5. Deduction in Mathematics and Dialectic in Ancient Greece}
}

@book{bergua1958dialogos,
  title={Di{\'a}logos de Plat{\'o}n},
  author={Bergua, Juan Bautista and others},
  year={1958},
  publisher={Ediciones Ib{\'e}ricas y LCL},
  note = {Diálogos II: Gorgias, Menéxeno, Eutidemo, Menón, Crátilo (pg. 109)}
}
